<?xml version="1.0" encoding="UTF-8"?><collection xmlns="http://www.loc.gov/MARC21/slim"><record><leader>00448nam--2200121-i-4500</leader><controlfield tag="001">000025852</controlfield><controlfield tag="002">20161230</controlfield><controlfield tag="005">20161230201036</controlfield><controlfield tag="008">060222s1000------------r-----000-0-eng-d</controlfield><datafield ind1=" " ind2=" " tag="100"><subfield code="a">Kaindl, Karl., Linser, Hans</subfield></datafield><datafield ind1=" " ind2=" " tag="245"><subfield code="a">Isotope in der landwirtschaft. methoden und ergebnisse des einsatzes raioaktiver und stabiler isotope in der landwirtschaftlichen. forschung und praxis</subfield></datafield><datafield ind1=" " ind2=" " tag="260"><subfield code="a">Hamburg, Verlag Paul Parey, 1960, 442p., 214 Fig</subfield></datafield><datafield ind1=" " ind2=" " tag="852"><subfield code="a">11574</subfield></datafield></record></collection>